@misc{1,
  title = {Here's How Much Was Lost to Crypto Hacks and Exploits in {{Q1}} 2023 | {{Bitcoin Insider}}},
  url = {https://www.bitcoininsider.org/article/211488/heres-how-much-was-lost-crypto-hacks-and-exploits-q1-2023},
  urldate = {2023-10-01}
}
